@electronic{Ard,
 author = {Arduino},
 title = {Site Web Arduino},
 url = {https://www.arduino.cc},
}

@electronic{MQ,
 author = {China-total},
 title = {Site Web Capteurs MQ},
 url = {http://www.china-total.com/Product/meter/gas-sensor/Gas-sensor.htm},
}

@electronic{ESP,
 author = {ESP8266},
 title = {Forum ESP8266},
 url = {http://www.esp8266.com},
}

@electronic{Esp,
 author = {Espruino},
 title = {Site Web Espruino},
 url = {https://www.espruino.com},
}
@electronic{API,
 author = {APISENSE},
 title = {Site Web APISENSE},
 url = {https://apisense.io},
}
